  @website{StrapiDocs,
    author =       "{Komunita Strapi.io}",
    title =        "Dokumentácia Strapi.io",
    howpublished = "online",
    url =          "https://strapi.io/documentation/",
    cited =        "2020-04-03"
  }

  @website{NetlifyDocs,
    author =       "{Komunita Netlify CMS}",
    title =        "Dokumentácia Netlify CMS",
    howpublished = "online",
    url =          "https://strapi.io/documentation/",
    cited =        "2020-04-03"
  }
  
  @website{CamDict,
    author =       "{Cambridge University}",
    title =        "Cambridge Dictionary",
    howpublished = "online",
    url =          "https://dictionary.cambridge.org/",
    cited =        "2020-04-03"
  }

  @website{TSWeb,
    author =       "{Microsoft Corporation}",
    title =        "TypeScript Language",
    howpublished = "online",
    url =          "https://www.typescriptlang.org",
    cited =        "2020-04-04"
  }
  
  @website{MDN,
    author =       "{Mozilla and individual contributors}",
    title =        "Mozilla MDN web docs",
    howpublished = "online",
    url =          "https://developer.mozilla.org/en-US/docs/Web/",
    cited =        "2020-04-04"
  }
  
  @website{NodeJS,
    author =       "{OpenJS Foundation} and {Joyent}",
    title =        "Node.js",
    howpublished = "online",
    url =          "https://nodejs.org/en/",
    cited =        "2020-04-04"
  }
  
  @website{NPM,
    author =       "{npm, Inc.}",
    title =        "Node Package Manager",
    howpublished = "online",
    url =          "https://www.npmjs.com/",
    cited =        "2020-04-04"
  }
  
  @website{React,
    author =       "{Facebook Inc.}",
    title =        "React",
    howpublished = "online",
    url =          "https://reactjs.org/",
    cited =        "2020-04-05"
  }
  
  @website{NextJS,
    author =       "{ZEIT, Inc.}",
    title =        "Next.js",
    howpublished = "online",
    url =          "https://nextjs.org/",
    cited =        "2020-04-05"
  }
  
  @website{GraphQL,
    author =       "{The GraphQL Foundation}",
    title =        "GraphQL",
    howpublished = "online",
    url =          "https://graphql.org/",
    cited =        "2020-04-05"
  }

  @website{Apollo,
    author =       "{Meteor Development Group Inc.}",
    title =        "Dokumentácia Apollo GraphQL",
    howpublished = "online",
    url =          "https://www.apollographql.com/docs/",
    cited =        "2020-04-05"
  }
  
  @website{PostgreSQL,
    author =       "{The PostgreSQL Global Development Group}",
    title =        "PostgreSQL",
    howpublished = "online",
    url =          "https://www.postgresql.org/",
    cited =        "2020-04-05"
  }
  
  @website{Prisma,
    author =       "{Prisma}",
    title =        "Prisma",
    howpublished = "online",
    url =          "https://www.prisma.io/",
    cited =        "2020-04-05"
  }
  
  @website{SlackAPI,
    author =       "{Slack}",
    title =        "Slack API",
    howpublished = "online",
    url =          "https://api.slack.com/",
    cited =        "2020-04-05"
  }
  
  @techreport{RFC_HTTP,
	author = "R. Fielding and {UC Irvine} and J. Gettys and {Compaq/W3C} and {J. Mogul} and {Compaq} and H. Frystyk and {W3C/MIT} and L. Masinter and {Xerox} and P. Leach and {Microsoft} and T. Berners-Lee",
  	title = "{Hypertext Transfer Protocol -- HTTP/1.1}",
  	howpublished = {Internet Requests for Comments},
  	type = "RFC",
  	year = "1997"
  	publisher = "{RFC Editor}",
   	institution = "{RFC Editor}",
  	url = {https://www.rfc-editor.org/rfc/rfc2616.txt}
  }